@conference{padhye1998modeling,
  title={{Modeling TCP throughput: A simple model and its empirical validation}},
  author={Padhye, J. and Firoiu, V. and Towsley, D. and Kurose, J.},
  booktitle={Proceedings of the ACM SIGCOMM'98 conference on Applications, technologies, architectures, and protocols for computer communication},
  pages={314},
  year={1998},
  organization={ACM}
}

@book{hassan2004high,
  title={{High performance TCP/IP networking}},
  author={Hassan, M. and Jain, R.},
  year={2004},
  publisher={Pearson Prentice Hall}
}
